@inproceedings{4856637,
author = {Tao Ni and Greg S. Schmidt and Oliver G. Staadt and Mark A. Livingston and Robert Ball and Richard A. May},
title = {{A Survey of Large High-Resolution Display Technologies, Techniques, and Applications}},
booktitle = {Virtual Reality, IEEE Annual International Symposium},
year = {2006},
pages = {223--236},
doi = {10.1109/VR.2006.20},
masid = {4856637}
}
@article{56912988,
author = {Alex Endert and Lauren Bradel and Jessica Zeitz and Christopher Andrews and Chris North},
title = {{Designing large high-resolution display workspaces}},
year = {2012},
pages = {58--65},
doi = {10.1145/2254556.2254570},
masid = {56912988}
}
@article{422242,
author = {Greg Humphreys and Mike Houston and Ren Ng and Randall J. Frank and Sean Ahern and Peter D. Kirchner and James T. Klosowski},
title = {{Chromium: a stream-processing framework for interactive rendering on clusters}},
journal = {ACM Transactions on Graphics},
volume = {21},
year = {2002},
pages = {693--702},
issue = {3},
doi = {10.1145/566570.566639},
masid = {422242}
}
@INPROCEEDINGS{Jeong_scalablegraphics,
    author = {Byungil Jeong and Ratko Jagodic and Luc Renambot and Rajvikram Singh and Andrew Johnson and Jason Leigh},
    title = {Scalable Graphics Architecture for High Resolution Displays},
    booktitle = {Presented at IEEE Information Visualization Workshop 2005},
    year = {},
    pages = {10--24}
}
@inproceedings{ChenCLWLC01,
  added-at = {2004-05-26T00:00:00.000+0200},
  author = {Chen, Han and Clark, Douglas W. and Liu, Zhiyan and Wallace, Grant and Li, Kai and Chen, Yuqun},
  biburl = {http://www.bibsonomy.org/bibtex/23b461b523e8d713a7c7765128e4c765a/dblp},
  booktitle = {CCGRID},
  crossref = {conf/ccgrid/2001},
  date = {2004-05-26},
  description = {dblp},
  ee = {http://csdl.computer.org/comp/proceedings/ccgrid/2001/1010/00/10100202abs.htm},
  interhash = {5e7d960788039a37474d6d7656bdb5dd},
  intrahash = {3b461b523e8d713a7c7765128e4c765a},
  keywords = {dblp},
  pages = {202-211},
  publisher = {IEEE Computer Society},
  timestamp = {2004-05-26T00:00:00.000+0200},
  title = {Software Environments For Cluster-Based Display Systems.},
  url = {http://dblp.uni-trier.de/db/conf/ccgrid/ccgrid2001.html#ChenCLWLC01},
  year = 2001
}
@inproceedings{68109,
author = {Ruigang Yang and David Gotz and Justin Hensley and Herman Towles and Michael S. Brown},
title = {{PixelFlex: a reconfigurable multi-projector display system}},
booktitle = {IEEE Visualization},
year = {2001},
pages = {167--174},
doi = {10.1109/VISUAL.2001.964508},
masid = {68109}
}
@inproceedings{240530,
author = {Yuqun Chen and Douglas W. Clark and Adam Finkelstein and Timothy C. Housel and Kai Li},
title = {{Automatic alignment of high-resolution multi-projector display using an un-calibrated camera}},
booktitle = {Verl??liche Informationssysteme},
year = {2000},
pages = {125--130},
doi = {10.1145/375213.375230},
masid = {240530}
}
@article{4485564,
author = {Yong-Bin Kang and Ki-Joon Chae},
title = {{XMegaWall: A Super High-Resolution Tiled Display using a PC Cluster}},
year = {2007},
masid = {4485564}
}
@inproceedings{1766189,
author = {Zonghui Wang and Xiaohong Jiang and Jiaoying Shi},
title = {{HIVE: a Highly Scalable Framework for DVE}},
booktitle = {Virtual Reality, IEEE Annual International Symposium},
year = {2004},
doi = {10.1109/VR.2004.41},
masid = {1766189}
}
@article{6143028,
author = {F?bio Rodrigues and Rodrigo Ferraz and M?rcio Cabral and Fernando Teubl and Olavo Belloc and Marcia Kondo and Marcelo Zuffo and Roseli Lopes},
title = {{Coupling Virtual Reality Open Source Software Using Message Oriented Middleware}},
year = {2003},
masid = {6143028}
}
@book{1847038,
author = {J?r?mie Allard and Val?rie Gouranton and Lo?ck Lecointre and S?bastien Limet and Bruno Raffin and Sophie Robert},
title = {{FlowVR: A Middleware for Large Scale Virtual Reality Applications}},
booktitle = {European Conference on Parallel Processing},
year = {2004},
pages = {497--505},
doi = {10.1007/978-3-540-27866-5_65},
masid = {1847038}
}
@inproceedings{581051,
author = {Pablo Figueroa and Mark Green and H. James Hoover},
title = {{InTml: a description language for VR applications}},
booktitle = {Web3D / VRML Symposium},
year = {2002},
pages = {53--58},
doi = {10.1145/504502.504511},
masid = {581051}
}
@inproceedings{4077770,
author = {Allen Bierbaum and Christopher Just and Patrick Hartling and Kevin Meinert and Albert Baker and Carolina Cruz-neira},
title = {{VR Juggler: A Virtual Platform for Virtual Reality Application Development}},
booktitle = {Virtual Reality},
year = {2001},
pages = {89--96},
doi = {10.1109/VR.2001.913774},
masid = {4077770}
}
@inproceedings{CAVE,
author = {Carolina Cruz-Neira and Daniel J. Sandin and Thomas A. DeFanti},
title = {{Surround-screen projection-based virtual reality: the design and implementation of the CAVE}},
booktitle = {Annual Conference on Computer Graphics},
year = {1993},
pages = {135--142},
doi = {10.1145/166117.166134},
masid = {635716}
}
@article{grottel2014megamol,
    author={Grottel, S. and Krone, M. and Muller, C. and Reina, G. and Ertl, T.},
    journal={Visualization and Computer Graphics, IEEE Transactions on},
    title={MegaMol -- A Prototyping Framework for Particle-based Visualization},
    year={2015},
    month={Feb},
    volume={21},
    number={2},
    pages={201--214},
    keywords={Data models;Data visualization;Graphics processing units;Libraries;Rendering (computer graphics);Visualization},
    doi={10.1109/TVCG.2014.2350479},
    ISSN={1077-2626}
}
@article{EMP:09,
 Author = {Eilemann, Stefan and Makhinya, Maxim and Pajarola, Renato},
 Journal = {IEEE Transactions on Visualization and Computer Graphics},
 Month = {May/June},
 Number = {3},
 Pages = {436--452},
 Title = {Equalizer: A Scalable Parallel Rendering Framework},
 Volume = {15}, Year = {2009}
}
@article{ahrens200536,
  title={36 ParaView: An End-User Tool for Large-Data Visualization},
  author={Ahrens, James and Geveci, Berk and Law, Charles},
  journal={The Visualization Handbook},
  pages={717},
  year={2005},
  publisher={Citeseer}
}
@book{vtk2004,
  title={The visualization toolkit},
  author={Schroeder, Will J and Lorensen, Bill and Martin, Ken},
  year={2004},
  publisher={Kitware}
}
@article{4580342,
author = {Werner A. KÃ¶nig and Hans-Joachim Bieg and Toni Schmidt and Harald Reiterer},
title = {{POSITION-INDEPENDENT INTERACTION FOR LARGE HIGH-RESOLUTION DISPLAYS}},
year = {2007},
masid = {4580342}
}
@inproceedings{156748,
author = {Han Chen and Douglas W. Clark and Zhiyan Liu and Grant Wallace and Kai Li and Yuqun Chen},
title = {{Software Environments For Cluster-Based Display Systems}},
booktitle = {Cluster Computing and the Grid},
year = {2001},
pages = {202--211},
doi = {10.1109/CCGRID.2001.923194},
masid = {156748}
}
@article {10.1111:j.1467-8659.2009.01676.x,
journal = {Computer Graphics Forum},
title = {{Scalable Multi-view Registration for Multi-Projector Displays on Vertically Extruded Surfaces}},
author = {Sajadi, Behzad and Majumder, Aditi},
year = {2010},
publisher = {The Eurographics Association and Blackwell Publishing Ltd.},
ISSN = {1467-8659},
DOI = {10.1111/j.1467-8659.2009.01676.x}
}
@inproceedings{chen2000automatic,
  title={Automatic alignment of high-resolution multi-projector display using an un-calibrated camera},
  author={Chen, Yuqun and Clark, Douglas W and Finkelstein, Adam and Housel, Timothy C and Li, Kai},
  booktitle={Proceedings of the conference on Visualization'00},
  pages={125--130},
  year={2000},
  organization={IEEE Computer Society Press}
}
@inproceedings{bresnahan2003building,
  title={Building a large-scale high-resolution tiled rear-projected passive stereo display system based on commodity components},
  author={Bresnahan, Glenn and Gasser, Raymond and Abaravichyus, Augustinas and Brisson, Erik and Walterman, Michael},
  booktitle={Electronic Imaging 2003},
  pages={19--30},
  year={2003},
  organization={International Society for Optics and Photonics}
}
@article{4485564,
author = {Yong-Bin Kang and Ki-Joon Chae},
title = {{XMegaWall: A Super High-Resolution Tiled Display using a PC Cluster}},
year = {2007},
masid = {4485564}
}
@article{Cruz-Neira:1992:CAV:129888.129892,
 author = {Cruz-Neira, Carolina and Sandin, Daniel J. and DeFanti, Thomas A. and Kenyon, Robert V. and Hart, John C.},
 title = {The CAVE: Audio Visual Experience Automatic Virtual Environment},
 journal = {Commun. ACM},
 issue_date = {June 1992},
 volume = {35},
 number = {6},
 month = jun,
 year = {1992},
 issn = {0001-0782},
 pages = {64--72},
 numpages = {9},
 url = {http://doi.acm.org/10.1145/129888.129892},
 doi = {10.1145/129888.129892},
 acmid = {129892},
 publisher = {ACM},
 address = {New York, NY, USA},
} 
@inproceedings{1766189,
author = {Zonghui Wang and Xiaohong Jiang and Jiaoying Shi},
title = {{HIVE: a Highly Scalable Framework for DVE}},
booktitle = {Virtual Reality, IEEE Annual International Symposium},
year = {2004},
doi = {10.1109/VR.2004.41},
masid = {1766189}
}
@book{2435429,
author = {Zonghui Wang and Jiaoying Shi and Xiaohong Jiang},
title = {{A Scalable HLA-Based Distributed Simulation Framework for VR Application}},
booktitle = {International Conference on Artificial Reality and Telexistence},
year = {2006},
pages = {361--371},
doi = {10.1007/11941354_37},
masid = {2435429}
}
@inproceedings{581051,
author = {Pablo Figueroa and Mark Green and H. James Hoover},
title = {{InTml: a description language for VR applications}},
booktitle = {Web3D / VRML Symposium},
year = {2002},
pages = {53--58},
doi = {10.1145/504502.504511},
masid = {581051}
}
@misc{VRUI,
  title = {{Vrui} VR Toolkit},
  howpublished = {\url{http://idav.ucdavis.edu/~okreylos/ResDev/Vrui/}},
  note = {zuletzt besucht: 14.08.2015}
}
@INPROCEEDINGS{6378981, 
author={Moreland, K.}, 
booktitle={Large Data Analysis and Visualization (LDAV), 2012 IEEE Symposium on}, 
title={Redirecting research in large-format displays for visualization}, 
year={2012}, 
month={Oct}, 
pages={91-95}, 
keywords={data visualisation;large screen displays;large-format displays;tiled displays;user-and application-centric focus;visualization;Context;Data visualization;Humans;Image color analysis;Navigation;Tiles;Visualization;large-format display;tiled display}, 
doi={10.1109/LDAV.2012.6378981}
}
@ARTICLE{6060818, 
author={Sajadi, B. and Majumder, A.}, 
journal={Visualization and Computer Graphics, IEEE Transactions on}, 
title={Autocalibration of Multiprojector CAVE-Like Immersive Environments}, 
year={2012}, 
month={March}, 
volume={18}, 
number={3}, 
pages={381-393}, 
keywords={calibration;cameras;computational geometry;display devices;image registration;image resolution;optical projectors;virtual reality;3D shape;4-wall CAVE;5-wall CAVE;CAVE-like immersive display surfaces;VR systems;arbitrary viewpoint;automatic calibration technique;calibration purposes;compact setups;completely arbitrary positioning;display resolution;general swept surfaces;geometric autocalibration;head-tracked single-user virtual reality systems;multiple pan;multiple projectors;multiprojector CAVE-like immersive environments;multiuser collaborative explorations;niche display environments;nonlinear distortion;physical markers;piecewise planar surface;short throw lens;tilted views;truncated domes;uncalibrated camera;wallpapered registration;Calibration;Cameras;Optimization;Shape;Surface reconstruction;Surface treatment;Three dimensional displays;CAVEs;Geometric registration;calibration;immersive displays.;multiprojector displays;tiled displays}, 
doi={10.1109/TVCG.2011.271}, 
ISSN={1077-2626}
}
@INPROCEEDINGS{4161017, 
author={Johnson, T. and Gyarfas, F. and Skarbez, R. and Towles, H. and Fuchs, H.}, 
booktitle={Virtual Reality Conference, 2007. VR '07. IEEE}, 
title={A Personal Surround Environment: Projective Display with Correction for Display Surface Geometry and Extreme Lens Distortion}, 
year={2007}, 
month={March}, 
pages={147-154}, 
keywords={distortion;optical projectors;rendering (computer graphics);display surface geometry;extreme lens distortion;immersive display environments;personal surround environment;rendering;Computer displays;Computer graphics;Geometry;Image generation;Lenses;Rendering (computer graphics);Shadow mapping;Shape;Three dimensional displays;Virtual reality;GPU programming;I.3.3 [Computer Graphics]: Picture/Image GenerationÃÂ¿Display Algorithms;I.3.7 [Computer Graphics]: Three-Dimensional Graphics and RealismÃÂ¿Virtual Reality;Projector displays;lens distortion correction}, 
doi={10.1109/VR.2007.352475}
}
@ARTICLE{5710903, 
author={Sajadi, B. and Majumder, A.}, 
journal={Visualization and Computer Graphics, IEEE Transactions on}, 
title={Autocalibrating Tiled Projectors on Piecewise Smooth Vertically Extruded Surfaces}, 
year={2011}, 
month={Sept}, 
volume={17}, 
number={9}, 
pages={1209-1222}, 
keywords={cameras;geometry;image registration;image segmentation;optimisation;parameter estimation;solid modelling;three-dimensional displays;virtual reality;3D geometry;CAVE;VR display system;camera extrinsic parameters;camera parameter estimation;cylindrical displays;digital signage applications;dimension reduction technique;edutainment;fiducial-free piecewise smooth vertically extruded surface;image registration;immersive virtual reality systems;nonlinear optimization technique;nonplanar projection based display;projector property estimation;single camera;Calibration;Cameras;Optimization;Registers;Shape;Surface reconstruction;Three dimensional displays;CAVES.;Tiled displays;autocalibration;cylindrical displays;geometric registration}, 
doi={10.1109/TVCG.2011.33}, 
ISSN={1077-2626}
}